<?xml version="1.0" encoding="UTF-8"?><collection xmlns="http://www.loc.gov/MARC21/slim"><record><leader>00432nam--2200145-i-4500</leader><controlfield tag="001">000026574</controlfield><controlfield tag="002">20161230</controlfield><controlfield tag="005">20161230201036</controlfield><controlfield tag="008">060222s1000------------r-----000-0-eng-d</controlfield><datafield ind1=" " ind2=" " tag="080"><subfield code="a">519.2</subfield></datafield><datafield ind1=" " ind2=" " tag="100"><subfield code="a">Kawata, Tatsuo</subfield></datafield><datafield ind1=" " ind2=" " tag="245"><subfield code="a">Fourier analysis in probability theory</subfield></datafield><datafield ind1=" " ind2=" " tag="260"><subfield code="a">New York, Academic Press, 1972, Xii + 668p</subfield></datafield><datafield ind1=" " ind2=" " tag="490"><subfield code="a">Probability And Mathematical Statistics. A Series On Monographs And Textbooks</subfield></datafield><datafield ind1=" " ind2=" " tag="852"><subfield code="a">37584</subfield></datafield></record></collection>